%
%  An example of a bibliographical database for bibTeX
%
%  Recommended software for maintenance of *.bib files:
%    JabRef, http://jabref.sourceforge.net/
%
%  BEWARE:
%
%    *  If a name contains a capital letter, which must be kept such,
%       use curly brackets ({T}hailand, {HIV}).
%
%  ===========================================================================



@InProceedings{Qi_2018_CVPR_FrustumPointNets,
author = {Qi, Charles R. and Liu, Wei and Wu, Chenxia and Su, Hao and Guibas, Leonidas J.},
title = {Frustum PointNets for 3D Object Detection From RGB-D Data},
booktitle = {Proceedings of the IEEE Conference on Computer Vision and Pattern Recognition (CVPR)},
month = {June},
year = {2018}
}

@InProceedings{Yin_2019_CVPR_HD3,
author = {Yin, Zhichao and Darrell, Trevor and Yu, Fisher},
title = {Hierarchical Discrete Distribution Decomposition for Match Density Estimation},
booktitle = {Proceedings of the IEEE/CVF Conference on Computer Vision and Pattern Recognition (CVPR)},
month = {June},
year = {2019}
}

@inproceedings{XirongW2VVpp,
author = {Li, Xirong and Xu, Chaoxi and Yang, Gang and Chen, Zhineng and Dong, Jianfeng},
title = {W2VV++: Fully Deep Learning for Ad-Hoc Video Search},
year = {2019},
isbn = {9781450368896},
publisher = {Association for Computing Machinery},
address = {New York, NY, USA},
url = {https://doi.org/10.1145/3343031.3350906},
doi = {10.1145/3343031.3350906},
booktitle = {Proceedings of the 27th ACM International Conference on Multimedia},
pages = {1786–1794},
numpages = {9},
keywords = {trecvid benchmarks, cross-modal matching, query representation learning, deep learning, ad-hoc video search},
location = {Nice, France},
series = {MM ’19}
}

@incollection{word2vec,
title = {Distributed Representations of Words and Phrases and their Compositionality},
author = {Mikolov, Tomas and Sutskever, Ilya and Chen, Kai and Corrado, Greg S and Dean, Jeff},
booktitle = {Advances in Neural Information Processing Systems 26},
editor = {C. J. C. Burges and L. Bottou and M. Welling and Z. Ghahramani and K. Q. Weinberger},
pages = {3111--3119},
year = {2013},
publisher = {Curran Associates, Inc.},
url = {http://papers.nips.cc/paper/5021-distributed-representations-of-words-and-phrases-and-their-compositionality.pdf}
}

@InProceedings{Miech_2019_ICCV_HowTo100M,
author = {Miech, Antoine and Zhukov, Dimitri and Alayrac, Jean-Baptiste and Tapaswi, Makarand and Laptev, Ivan and Sivic, Josef},
title = {HowTo100M: Learning a Text-Video Embedding by Watching Hundred Million Narrated Video Clips},
booktitle = {Proceedings of the IEEE/CVF International Conference on Computer Vision (ICCV)},
month = {October},
year = {2019}
}

@InProceedings{Miech_2020_CVPR,
author = {Miech, Antoine and Alayrac, Jean-Baptiste and Smaira, Lucas and Laptev, Ivan and Sivic, Josef and Zisserman, Andrew},
title = {End-to-End Learning of Visual Representations From Uncurated Instructional Videos},
booktitle = {Proceedings of the IEEE/CVF Conference on Computer Vision and Pattern Recognition (CVPR)},
month = {June},
year = {2020}
}

@InProceedings{Ray_2018_ECCV,
author = {Ray, Jamie and Wang, Heng and Tran, Du and Wang, Yufei and Feiszli, Matt and Torresani, Lorenzo and Paluri, Manohar},
title = {Scenes-Objects-Actions: A Multi-Task, Multi-Label Video Dataset},
booktitle = {Proceedings of the European Conference on Computer Vision (ECCV)},
month = {September},
year = {2018}
}

@inproceedings{DuaneGurrin_VirtualReality_LSC2018,
author = {Duane, Aaron and Gurrin, Cathal and Huerst, Wolfgang},
title = {Virtual Reality Lifelog Explorer: Lifelog Search Challenge at ACM ICMR 2018},
year = {2018},
isbn = {9781450357968},
publisher = {Association for Computing Machinery},
address = {New York, NY, USA},
url = {https://doi.org/10.1145/3210539.3210544},
doi = {10.1145/3210539.3210544},
booktitle = {Proceedings of the 2018 ACM Workshop on The Lifelog Search Challenge},
pages = {20–23},
numpages = {4},
keywords = {retrieval, search, lifelog, virtual reality},
location = {Yokohama, Japan},
series = {LSC ’18}
}

@inproceedings{KlausWikiView,
author = {Barthel, Kai Uwe and Hezel, Nico and Schall, Konstantin and Jung, Klaus},
title = {Real-Time Visual Navigation in Huge Image Sets Using Similarity Graphs},
year = {2019},
isbn = {9781450368896},
publisher = {Association for Computing Machinery},
address = {New York, NY, USA},
url = {https://doi.org/10.1145/3343031.3350599},
doi = {10.1145/3343031.3350599},
booktitle = {Proceedings of the 27th ACM International Conference on Multimedia},
pages = {2202–2204},
numpages = {3},
keywords = {visualization, image sorting, image retrieval, image graph, exploration},
location = {Nice, France},
series = {MM ’19}
}

@InProceedings{Exquisitor_VBS2020,
author="J{\'o}nsson, Bj{\"o}rn Þ{\'o}r
and Khan, Omar Shahbaz
and Koelma, Dennis C.
and Rudinac, Stevan
and Worring, Marcel
and Zah{\'a}lka, Jan",
editor="Ro, Yong Man
and Cheng, Wen-Huang
and Kim, Junmo
and Chu, Wei-Ta
and Cui, Peng
and Choi, Jung-Woo
and Hu, Min-Chun
and De Neve, Wesley",
title="Exquisitor at the Video Browser Showdown 2020",
booktitle="MultiMedia Modeling",
year="2020",
publisher="Springer International Publishing",
address="Cham",
pages="796--802",
isbn="978-3-030-37734-2"
}

@InProceedings{SOMHunterVBS2020,
author="Kratochv{\'i}l, Miroslav
and Vesel{\'y}, Patrik
and Mejzl{\'i}k, Franti{\v{s}}ek
and Loko{\v{c}}, Jakub",
editor="Ro, Yong Man
and Cheng, Wen-Huang
and Kim, Junmo
and Chu, Wei-Ta
and Cui, Peng
and Choi, Jung-Woo
and Hu, Min-Chun
and De Neve, Wesley",
title="SOM-Hunter: Video Browsing with Relevance-to-SOM Feedback Loop",
booktitle="MultiMedia Modeling",
year="2020",
publisher="Springer International Publishing",
address="Cham",
pages="790--795",
isbn="978-3-030-37734-2"
}

@ARTICLE{VBS2019_overview,
  author={L. {Rossetto} and R. {Gasser} and J. {Lokoc} and W. {Bailer} and K. {Schoeffmann} and B. {Muenzer} and T. {Soucek} and P. A. {Nguyen} and P. {Bolettieri} and A. {Leibetseder} and S. {Vrochidis}},
  journal={IEEE Transactions on Multimedia}, 
  title={Interactive Video Retrieval in the Age of Deep Learning - Detailed Evaluation of VBS 2019}, 
  year={2020},
  volume={},
  number={},
  pages={1-1}
}

@inproceedings{LSC2020,
author = {Gurrin, Cathal and Le, Tu-Khiem and Ninh, Van-Tu and Dang-Nguyen, Duc-Tien and J\'{o}nsson, Bj\"{o}rn \TH{}\'{o}r and Loko\v{c}, Jakub and H\"{u}rst, Wolfgang and Tran, Minh-Triet and Sch\"{o}ffmann, Klaus},
title = {Introduction to the Third Annual Lifelog Search Challenge (LSC’20)},
year = {2020},
isbn = {9781450370875},
publisher = {Association for Computing Machinery},
address = {New York, NY, USA},
url = {https://doi.org/10.1145/3372278.3388043},
doi = {10.1145/3372278.3388043},
booktitle = {Proceedings of the 2020 International Conference on Multimedia Retrieval},
pages = {584–585},
numpages = {2},
keywords = {lifelog, interactive retrieval systems, benchmarking},
location = {Dublin, Ireland},
series = {ICMR ’20}
}

@InProceedings{KlausVBS2019_sketchsearch,
author="Schoeffmann, Klaus
and M{\"u}nzer, Bernd
and Leibetseder, Andreas
and Primus, J{\"u}rgen
and Kletz, Sabrina",
editor="Kompatsiaris, Ioannis
and Huet, Benoit
and Mezaris, Vasileios
and Gurrin, Cathal
and Cheng, Wen-Huang
and Vrochidis, Stefanos",
title="Autopiloting Feature Maps: The Deep Interactive Video Exploration (diveXplore) System at VBS2019",
booktitle="MultiMedia Modeling",
year="2019",
publisher="Springer International Publishing",
address="Cham",
pages="585--590",
isbn="978-3-030-05716-9"
}

@InProceedings{vitrivr2020,
author="Sauter, Loris
and Amiri Parian, Mahnaz
and Gasser, Ralph
and Heller, Silvan
and Rossetto, Luca
and Schuldt, Heiko",
editor="Ro, Yong Man
and Cheng, Wen-Huang
and Kim, Junmo
and Chu, Wei-Ta
and Cui, Peng
and Choi, Jung-Woo
and Hu, Min-Chun
and De Neve, Wesley",
title="Combining Boolean and Multimedia Retrieval in vitrivr for Large-Scale Video Search",
booktitle="MultiMedia Modeling",
year="2020",
publisher="Springer International Publishing",
address="Cham",
pages="760--765",
isbn="978-3-030-37734-2"
}


@inproceedings{LokocMM2019,
author = {Loko\v{c}, Jakub and Koval\v{c}ik, Gregor and Sou\v{c}ek, Tom\'{a}\v{s} and Moravec, Jaroslav and \v{C}ech, P\v{r}emysl},
title = {A Framework for Effective Known-Item Search in Video},
year = {2019},
isbn = {9781450368896},
publisher = {Association for Computing Machinery},
address = {New York, NY, USA},
url = {https://doi.org/10.1145/3343031.3351046},
doi = {10.1145/3343031.3351046},
booktitle = {Proceedings of the 27th ACM International Conference on Multimedia},
pages = {1777–1785},
numpages = {9},
keywords = {shot boundary detection, deep learning, known-item search, video browser showdown, similarity search, interactive video retrieval},
location = {Nice, France},
series = {MM ’19}
}

@InProceedings{LokocVBS2019_Nasnet,
author="Loko{\v{c}}, Jakub
and Koval{\v{c}}{\'i}k, Gregor
and Sou{\v{c}}ek, Tom{\'a}{\v{s}}
and Moravec, Jaroslav
and Bodn{\'a}r, Jan
and {\v{C}}ech, P{\v{r}}emysl",
editor="Kompatsiaris, Ioannis
and Huet, Benoit
and Mezaris, Vasileios
and Gurrin, Cathal
and Cheng, Wen-Huang
and Vrochidis, Stefanos",
title="VIRET Tool Meets NasNet",
booktitle="MultiMedia Modeling",
year="2019",
publisher="Springer International Publishing",
address="Cham",
pages="597--601",
isbn="978-3-030-05716-9"
}

@inproceedings{V3C1dataset,
author = {Berns, Fabian and Rossetto, Luca and Schoeffmann, Klaus and Beecks, Christian and Awad, George},
title = {V3C1 Dataset: An Evaluation of Content Characteristics},
year = {2019},
isbn = {9781450367653},
publisher = {Association for Computing Machinery},
address = {New York, NY, USA},
url = {https://doi.org/10.1145/3323873.3325051},
doi = {10.1145/3323873.3325051},
booktitle = {Proceedings of the 2019 on International Conference on Multimedia Retrieval},
pages = {334–338},
numpages = {5},
keywords = {v3c, video analytics, content statistics, trecvid, video collection},
location = {Ottawa ON, Canada},
series = {ICMR ’19}
}


@InProceedings{LokocVBS2020_VIRET,
author="Loko{\v{c}}, Jakub
and Koval{\v{c}}{\'i}k, Gregor
and Sou{\v{c}}ek, Tom{\'a}{\v{s}}",
editor="Ro, Yong Man
and Cheng, Wen-Huang
and Kim, Junmo
and Chu, Wei-Ta
and Cui, Peng
and Choi, Jung-Woo
and Hu, Min-Chun
and De Neve, Wesley",
title="VIRET at Video Browser Showdown 2020",
booktitle="MultiMedia Modeling",
year="2020",
publisher="Springer International Publishing",
address="Cham",
pages="784--789",
isbn="978-3-030-37734-2"
}

@article{soucek2019transnet,
  author    = {Tom{\'{a}}\v{s} Sou\v{c}ek and
               Jaroslav Moravec and
               Jakub Loko\v{c}},
  title     = {TransNet: {A} deep network for fast detection of common shot transitions},
  journal   = {CoRR},
  volume    = {abs/1906.03363},
  year      = {2019},
  url       = {http://arxiv.org/abs/1906.03363},
  archivePrefix = {arXiv},
  eprint    = {1906.03363},
  timestamp = {Fri, 14 Jun 2019 09:38:24 +0200},
  biburl    = {https://dblp.org/rec/journals/corr/abs-1906-03363.bib},
  bibsource = {dblp computer science bibliography, https://dblp.org}
}


@InProceedings{LokocVBS2018,
author="Loko{\v{c}}, Jakub
and Koval{\v{c}}{\'i}k, Gregor
and Sou{\v{c}}ek, Tom{\'a}{\v{s}}",
editor="Schoeffmann, Klaus
and Chalidabhongse, Thanarat H.
and Ngo, Chong Wah
and Aramvith, Supavadee
and O'Connor, Noel E.
and Ho, Yo-Sung
and Gabbouj, Moncef
and Elgammal, Ahmed",
title="Revisiting SIRET Video Retrieval Tool",
booktitle="MultiMedia Modeling",
year="2018",
publisher="Springer International Publishing",
address="Cham",
pages="419--424",
isbn="978-3-319-73600-6"
}

@inproceedings{LokocLSC2018,
author = {Loko\v{c}, Jakub and Sou\v{c}ek, Tom\'{a}\v{s} and Koval\v{c}ik, Gregor},
title = {Using an Interactive Video Retrieval Tool for LifeLog Data},
year = {2018},
isbn = {9781450357968},
publisher = {Association for Computing Machinery},
address = {New York, NY, USA},
url = {https://doi.org/10.1145/3210539.3210543},
doi = {10.1145/3210539.3210543},
booktitle = {Proceedings of the 2018 ACM Workshop on The Lifelog Search Challenge},
pages = {15–19},
numpages = {5},
keywords = {lifelog, interactive search, known-item search, video retrieval},
location = {Yokohama, Japan},
series = {LSC ’18}
}

@inproceedings{LokocICMR2019,
author = {Loko\v{c}, Jakub and Koval\v{c}\'{\i}k, Gregor and Sou\v{c}ek, Tom\'{a}\v{s} and Moravec, Jaroslav and \v{C}ech, P\v{r}emysl},
title = {VIRET: A Video Retrieval Tool for Interactive Known-Item Search},
year = {2019},
isbn = {9781450367653},
publisher = {Association for Computing Machinery},
address = {New York, NY, USA},
url = {https://doi.org/10.1145/3323873.3325034},
doi = {10.1145/3323873.3325034},
booktitle = {Proceedings of the 2019 on International Conference on Multimedia Retrieval},
pages = {177–181},
numpages = {5},
keywords = {video retrieval, known-item search, deep neural networks},
location = {Ottawa ON, Canada},
series = {ICMR ’19}
}

@inproceedings{LokocLSC2019,
author = {Loko\v{c}, Jakub and Sou\v{c}ek, Tom\'{a}\v{s} and \v{C}ech, Premysl and Koval\v{c}\'{\i}k, Gregor},
title = {Enhanced VIRET Tool for Lifelog Data},
year = {2019},
isbn = {9781450367813},
publisher = {Association for Computing Machinery},
address = {New York, NY, USA},
url = {https://doi.org/10.1145/3326460.3329159},
doi = {10.1145/3326460.3329159},
booktitle = {Proceedings of the ACM Workshop on Lifelog Search Challenge},
pages = {25–26},
numpages = {2},
keywords = {lifelog data, image retrieval, deep neural networks},
location = {Ottawa ON, Canada},
series = {LSC ’19}
}

















@ARTICLE{FormalStudyofSBD,
  author={J. {Yuan} and H. {Wang} and L. {Xiao} and W. {Zheng} and J. {Li} and F. {Lin} and B. {Zhang}},
  journal={IEEE Transactions on Circuits and Systems for Video Technology}, 
  title={A Formal Study of Shot Boundary Detection}, 
  year={2007},
  volume={17},
  number={2},
  pages={168-186},
  doi={10.1109/TCSVT.2006.888023},
  ISSN={1558-2205},
  month={Feb}
}

@article{MethodsandChallengesinSBD,
    title={Methods and Challenges in Shot Boundary Detection: A Review},
    volume={20},
    ISSN={1099-4300},
    url={http://dx.doi.org/10.3390/e20040214},
    DOI={10.3390/e20040214},
    number={4},
    journal={Entropy},
    publisher={MDPI AG},
    author={Abdulhussain, Sadiq and Ramli, Abd and Saripan, M. and Mahmmod, Basheera and Al-Haddad, Syed and Jassim, Wissam},
    year={2018},
    month={Mar},
    pages={214}
}

@ARTICLE{LearningContextualThreadModelSceneSegmentation,
  author={C. {Liu} and D. {Wang} and J. {Zhu} and B. {Zhang}},
  journal={IEEE Transactions on Multimedia}, 
  title={Learning a Contextual Multi-Thread Model for Movie/TV Scene Segmentation}, 
  year={2013},
  volume={15},
  number={4},
  pages={884-897},
  doi={10.1109/TMM.2013.2238522},
  ISSN={1941-0077},
  month={June}
}

@article{Fuzzycolorhistogram,
title = "Fuzzy color histogram-based video segmentation",
journal = "Computer Vision and Image Understanding",
volume = "114",
number = "1",
pages = "125 - 134",
year = "2010",
issn = "1077-3142",
doi = "https://doi.org/10.1016/j.cviu.2009.09.008",
url = "http://www.sciencedirect.com/science/article/pii/S1077314209001581",
author = {K{\"u}{\c{c}}{\"u}ktun{\c{c}}, Onur and G{\"u}d{\"u}kbay, U{\u{g}}ur and Ulusoy, {\"O}zg{\"u}r},
}

@InProceedings{Zhao_2018_CVPR,
author = {Zhao, Bin and Li, Xuelong and Lu, Xiaoqiang},
title = {HSA-RNN: Hierarchical Structure-Adaptive RNN for Video Summarization},
booktitle = {Proceedings of the IEEE Conference on Computer Vision and Pattern Recognition (CVPR)},
month = {June},
year = {2018}
}

@article{LokocVBSJournal2018,
 author = {Loko\v{c}, Jakub and Koval\v{c}\'{\i}k, Gregor and M\"{u}nzer, Bernd and Sch\"{o}ffmann, Klaus and Bailer, Werner and Gasser, Ralph and Vrochidis, Stefanos and Nguyen, Phuong Anh and Rujikietgumjorn, Sitapa and Barthel, Kai Uwe},
 title = {Interactive Search or Sequential Browsing? A Detailed Analysis of the Video Browser Showdown 2018},
 journal = {ACM Trans. Multimedia Comput. Commun. Appl.},
 issue_date = {February 2019},
 volume = {15},
 number = {1},
 month = feb,
 year = {2019},
 issn = {1551-6857},
 pages = {29:1--29:18},
 articleno = {29},
 numpages = {18},
 url = {http://doi.acm.org/10.1145/3295663},
 doi = {10.1145/3295663},
 acmid = {3295663},
 publisher = {ACM},
 address = {New York, NY, USA},
 keywords = {Interactive video retrieval, content-based methods, evaluation campaigns, video browsing},
}

@Article{zhang93,
author="Zhang, HongJiang
and Kankanhalli, Atreyi
and Smoliar, Stephen W.",
title="Automatic partitioning of full-motion video",
journal="Multimedia Systems",
year="1993",
month="Jan",
day="01",
volume="1",
number="1",
pages="10--28",
issn="1432-1882",
doi="10.1007/BF01210504",
url="https://doi.org/10.1007/BF01210504"
}

@INPROCEEDINGS{Cineast,
  author={L. {Rossetto} and I. {Giangreco} and H. {Schuldt}},
  booktitle={2014 IEEE International Symposium on Multimedia}, 
  title={Cineast: A Multi-feature Sketch-Based Video Retrieval Engine}, 
  year={2014},
  volume={},
  number={},
  pages={18-23},
  doi={10.1109/ISM.2014.38},
  ISSN={},
  month={Dec}
}

@INPROCEEDINGS{LingGeneralMethodforSBD,
  author={X. {Ling} and L. {Chao} and L. {Huan} and X. {Zhang}},
  booktitle={2008 International Conference on Multimedia and Ubiquitous Engineering (mue 2008)}, 
  title={A General Method for Shot Boundary Detection}, 
  year={2008},
  volume={},
  number={},
  pages={394-397},
  doi={10.1109/MUE.2008.102},
  ISSN={},
  month={April}
}

@article{apostolidis14,
  title={Fast shot segmentation combining global and local visual descriptors},
  author={Evlampios E. Apostolidis and Vasileios Mezaris},
  journal={2014 IEEE International Conference on Acoustics, Speech and Signal Processing (ICASSP)},
  year={2014},
  pages={6583-6587}
}

@article{shao15,
  title={Shot boundary detection algorithm based on HSV histogram and HOG feature},
  author={Shao, Hong and Qu, Yang and Cui, Wencheng},
  journal={5th International Conference on Advanced Engineering Materials and Technology},
  year={2015}
}

@inproceedings{LienhartComparison1998,
    author = {Rainer W. Lienhart},
    title = {{Comparison of automatic shot boundary detection algorithms}},
    volume = {3656},
    booktitle = {Storage and Retrieval for Image and Video Databases VII},
    editor = {Minerva M. Yeung and Boon-Lock Yeo and Charles A. Bouman},
    organization = {International Society for Optics and Photonics},
    publisher = {SPIE},
    pages = {290 -- 301},
    year = {1998},
    doi = {10.1117/12.333848},
    URL = {https://doi.org/10.1117/12.333848}
}

@inproceedings{zabih1995feature,
  title={A feature-based algorithm for detecting and classifying scene breaks},
  author={Zabih, Ramin and Miller, Justin and Mai, Kevin},
  booktitle={Proceedings of the third ACM International Conference on Multimedia},
  pages={189--200},
  year={1995}
}

@InProceedings{surf,
    author="Bay, Herbert
    and Tuytelaars, Tinne
    and Van Gool, Luc",
    editor="Leonardis, Ale{\v{s}}
    and Bischof, Horst
    and Pinz, Axel",
    title="SURF: Speeded Up Robust Features",
    booktitle="Computer Vision -- ECCV 2006",
    year="2006",
    publisher="Springer Berlin Heidelberg",
    address="Berlin, Heidelberg",
    pages="404--417",
    isbn="978-3-540-33833-8"
}

@inproceedings{BaraldiScenes,
    author = {Baraldi, Lorenzo and Grana, Costantino and Cucchiara, Rita},
    title = {A Deep Siamese Network for Scene Detection in Broadcast Videos},
    year = {2015},
    isbn = {9781450334594},
    publisher = {Association for Computing Machinery},
    address = {New York, NY, USA},
    url = {https://doi.org/10.1145/2733373.2806316},
    doi = {10.1145/2733373.2806316},
    booktitle = {Proceedings of the 23rd ACM International Conference on Multimedia},
    pages = {1199–1202},
    numpages = {4},
    keywords = {scene segmentation, video re-use, deep learning},
    location = {Brisbane, Australia},
    series = {MM ’15}
}

@InProceedings{VermaClustering,
    author="Verma, Manisha
    and Raman, Balasubramanian",
    editor="Raman, Balasubramanian
    and Kumar, Sanjeev
    and Roy, Partha Pratim
    and Sen, Debashis",
    title="A Hierarchical Shot Boundary Detection Algorithm Using Global and Local Features",
    booktitle="Proceedings of International Conference on Computer Vision and Image Processing",
    year="2017",
    publisher="Springer Singapore",
    address="Singapore",
    pages="389--397",
    isbn="978-981-10-2107-7"
}

@article{ChasanisSVM,
    title = "Simultaneous detection of abrupt cuts and dissolves in videos using support vector machines",
    journal = "Pattern Recognition Letters",
    volume = "30",
    number = "1",
    pages = "55 - 65",
    year = "2009",
    issn = "0167-8655",
    doi = "https://doi.org/10.1016/j.patrec.2008.08.015",
    url = "http://www.sciencedirect.com/science/article/pii/S0167865508002717",
    author = "Vasileios Chasanis and Aristidis Likas and Nikolaos Galatsanos",
    keywords = "Abrupt cut detection, Dissolve detection, Support vector machines",
}

@INPROCEEDINGS{TsamouraSVM,
  author={E. {Tsamoura} and V. {Mezaris} and I. {Kompatsiaris}},
  booktitle={2008 15th IEEE International Conference on Image Processing}, 
  title={Gradual transition detection using color coherence and other criteria in a video shot meta-segmentation framework}, 
  year={2008},
  volume={},
  number={},
  pages={45-48},
  doi={10.1109/ICIP.2008.4711687},
  ISSN={2381-8549},
  month={Oct}
}

@inproceedings{pass1997comparing,
  title={Comparing images using color coherence vectors},
  author={Pass, Greg and Zabih, Ramin and Miller, Justin},
  booktitle={Proceedings of the fourth ACM international conference on Multimedia},
  pages={65--73},
  year={1997}
}

@inproceedings{kawai2007shot,
  title={Shot Boundary Detection at TRECVID 2007.},
  author={Kawai, Yoshihiko and Sumiyoshi, Hideki and Yagi, Nobuyuki},
  booktitle={TRECVID},
  year={2007}
}

@inproceedings{muhling2007university,
  title={University of Marburg at TRECVID 2007: Shot Boundary Detection and High Level Feature Extraction.},
  author={M{\"u}hling, Markus and Ewerth, Ralph and Stadelmann, Thilo and Z{\"o}fel, Christian and Shi, Bing and Freisleben, Bernd},
  booktitle={TRECVID},
  year={2007}
}

@inproceedings{ayache2006clips,
  title={CLIPS-LSR Experiments at TRECVID 2006.},
  author={Ayache, St{\'e}phane and Gensel, J{\'e}r{\^o}me and Qu{\'e}not, Georges and Ayache, Stephane},
  booktitle={TRECVID},
  year={2006}
}

@ARTICLE{Yeo1995Rapid,
  author={ {Boon-Lock Yeo} and  {Bede Liu}},
  journal={IEEE Transactions on Circuits and Systems for Video Technology}, 
  title={Rapid scene analysis on compressed video}, 
  year={1995},
  volume={5},
  number={6},
  pages={533-544},
  doi={10.1109/76.475896},
  ISSN={1558-2205},
  month={Dec}
}

@article{SevenyearsofTRECVid,
    title = "Video shot boundary detection: Seven years of TRECVid activity",
    journal = "Computer Vision and Image Understanding",
    volume = "114",
    number = "4",
    pages = "411 - 418",
    year = "2010",
    note = "Special issue on Image and Video Retrieval Evaluation",
    issn = "1077-3142",
    doi = "https://doi.org/10.1016/j.cviu.2009.03.011",
    url = "http://www.sciencedirect.com/science/article/pii/S1077314209000587",
    author = "Alan F. Smeaton and Paul Over and Aiden R. Doherty",
    keywords = "Shot boundary detection, TRECVid, Evaluation",
}

@InProceedings{Baraldi15,
    author="Baraldi, Lorenzo
    and Grana, Costantino
    and Cucchiara, Rita",
    editor="Azzopardi, George
    and Petkov, Nicolai",
    title="Shot and Scene Detection via Hierarchical Clustering for Re-using Broadcast Video",
    booktitle="Computer Analysis of Images and Patterns",
    year="2015",
    publisher="Springer International Publishing",
    address="Cham",
    pages="801--811",
    isbn="978-3-319-23192-1"
}

@article{Hassanien17,
  author    = {Ahmed Hassanien and
               Mohamed A. Elgharib and
               Ahmed Selim and
               Mohamed Hefeeda and
               Wojciech Matusik},
  title     = {Large-scale, Fast and Accurate Shot Boundary Detection through Spatio-temporal
               Convolutional Neural Networks},
  journal   = {CoRR},
  volume    = {abs/1705.03281},
  year      = {2017},
  url       = {http://arxiv.org/abs/1705.03281},
  archivePrefix = {arXiv},
  eprint    = {1705.03281},
  timestamp = {Mon, 13 Aug 2018 16:47:46 +0200},
  biburl    = {https://dblp.org/rec/bib/journals/corr/HassanienESHM17},
  bibsource = {dblp computer science bibliography, https://dblp.org}
}




@inproceedings{donahue2014decaf,
  title={Decaf: A deep convolutional activation feature for generic visual recognition},
  author={Donahue, Jeff and Jia, Yangqing and Vinyals, Oriol and Hoffman, Judy and Zhang, Ning and Tzeng, Eric and Darrell, Trevor},
  booktitle={International conference on machine learning},
  pages={647--655},
  year={2014}
}

@INPROCEEDINGS{Xu2016AlexNetForSBD,
  author={J. {Xu} and L. {Song} and R. {Xie}},
  booktitle={2016 Visual Communications and Image Processing (VCIP)}, 
  title={Shot boundary detection using convolutional neural networks}, 
  year={2016},
  volume={},
  number={},
  pages={1-4},
  doi={10.1109/VCIP.2016.7805554},
  ISSN={},
  month={Nov}
}

@incollection{AlexNet,
    title = {ImageNet Classification with Deep Convolutional Neural Networks},
    author = {Alex Krizhevsky and Sutskever, Ilya and Hinton, Geoffrey E},
    booktitle = {Advances in Neural Information Processing Systems 25},
    editor = {F. Pereira and C. J. C. Burges and L. Bottou and K. Q. Weinberger},
    pages = {1097--1105},
    year = {2012},
    publisher = {Curran Associates, Inc.},
    url = {http://papers.nips.cc/paper/4824-imagenet-classification-with-deep-convolutional-neural-networks.pdf}
}

@InProceedings{Karpathy_2014_CVPR,
    author = {Karpathy, Andrej and Toderici, George and Shetty, Sanketh and Leung, Thomas and Sukthankar, Rahul and Fei-Fei, Li},
    title = {Large-scale Video Classification with Convolutional Neural Networks},
    booktitle = {Proceedings of the IEEE Conference on Computer Vision and Pattern Recognition (CVPR)},
    month = {June},
    year = {2014}
}

@incollection{SimonyanTwoStream,
    title = {Two-Stream Convolutional Networks for Action Recognition in Videos},
    author = {Simonyan, Karen and Zisserman, Andrew},
    booktitle = {Advances in Neural Information Processing Systems 27},
    editor = {Z. Ghahramani and M. Welling and C. Cortes and N. D. Lawrence and K. Q. Weinberger},
    pages = {568--576},
    year = {2014},
    publisher = {Curran Associates, Inc.},
    url = {http://papers.nips.cc/paper/5353-two-stream-convolutional-networks-for-action-recognition-in-videos.pdf}
}

@InProceedings{Tran_2015_C3D,
    author = {Tran, Du and Bourdev, Lubomir and Fergus, Rob and Torresani, Lorenzo and Paluri, Manohar},
    title = {Learning Spatiotemporal Features With 3D Convolutional Networks},
    booktitle = {Proceedings of the IEEE International Conference on Computer Vision (ICCV)},
    month = {December},
    year = {2015}
}

@InProceedings{Carreira_2017_CVPR,
    author = {Carreira, Joao and Zisserman, Andrew},
    title = {Quo Vadis, Action Recognition? A New Model and the Kinetics Dataset},
    booktitle = {Proceedings of the IEEE Conference on Computer Vision and Pattern Recognition (CVPR)},
    month = {July},
    year = {2017}
}

@InProceedings{Szegedy_2015_CVPR,
    author = {Szegedy, Christian and Liu, Wei and Jia, Yangqing and Sermanet, Pierre and Reed, Scott and Anguelov, Dragomir and Erhan, Dumitru and Vanhoucke, Vincent and Rabinovich, Andrew},
    title = {Going Deeper With Convolutions},
    booktitle = {Proceedings of the IEEE Conference on Computer Vision and Pattern Recognition (CVPR)},
    month = {June},
    year = {2015}
}

@InProceedings{Xie_2018_ECCV,
    author = {Xie, Saining and Sun, Chen and Huang, Jonathan and Tu, Zhuowen and Murphy, Kevin},
    title = {Rethinking Spatiotemporal Feature Learning: Speed-Accuracy Trade-offs in Video Classification},
    booktitle = {Proceedings of the European Conference on Computer Vision (ECCV)},
    month = {September},
    year = {2018}
}

@InProceedings{Tran_2018_CVPR,
    author = {Tran, Du and Wang, Heng and Torresani, Lorenzo and Ray, Jamie and LeCun, Yann and Paluri, Manohar},
    title = {A Closer Look at Spatiotemporal Convolutions for Action Recognition},
    booktitle = {Proceedings of the IEEE Conference on Computer Vision and Pattern Recognition (CVPR)},
    month = {June},
    year = {2018}
}

@inproceedings{Gygli18,
  author    = {Michael Gygli},
  title     = {Ridiculously Fast Shot Boundary Detection with Fully Convolutional
               Neural Networks},
  booktitle = {2018 International Conference on Content-Based Multimedia Indexing,
               {CBMI} 2018, La Rochelle, France, September 4-6, 2018},
  pages     = {1--4},
  year      = {2018},
  doi       = {10.1109/CBMI.2018.8516556}
}

@article{Tang2018,
  author    = {Shitao Tang and
               Litong Feng and
               Zhanghui Kuang and
               Yimin Chen and
               Wei Zhang},
  title     = {Fast Video Shot Transition Localization with Deep Structured Models},
  journal   = {CoRR},
  volume    = {abs/1808.04234},
  year      = {2018},
  url       = {http://arxiv.org/abs/1808.04234},
  archivePrefix = {arXiv},
  eprint    = {1808.04234},
  timestamp = {Sun, 02 Sep 2018 15:01:55 +0200},
  biburl    = {https://dblp.org/rec/bib/journals/corr/abs-1808-04234},
  bibsource = {dblp computer science bibliography, https://dblp.org}
}

@article{SqueezeNet,
  author    = {Forrest N. Iandola and
               Matthew W. Moskewicz and
               Khalid Ashraf and
               Song Han and
               William J. Dally and
               Kurt Keutzer},
  title     = {SqueezeNet: AlexNet-level accuracy with 50x fewer parameters and {\textless}1MB
               model size},
  journal   = {CoRR},
  volume    = {abs/1602.07360},
  year      = {2016},
  url       = {http://arxiv.org/abs/1602.07360},
  archivePrefix = {arXiv},
  eprint    = {1602.07360},
  timestamp = {Mon, 13 Aug 2018 16:46:12 +0200},
  biburl    = {https://dblp.org/rec/journals/corr/IandolaMAHDK16.bib},
  bibsource = {dblp computer science bibliography, https://dblp.org}
}

@InProceedings{Hara_2018_CVPR,
    author = {Hara, Kensho and Kataoka, Hirokatsu and Satoh, Yutaka},
    title = {Can Spatiotemporal 3D CNNs Retrace the History of 2D CNNs and ImageNet?},
    booktitle = {Proceedings of the IEEE Conference on Computer Vision and Pattern Recognition (CVPR)},
    month = {June},
    year = {2018}
}

@article{yu2015multi,
  title={Multi-scale context aggregation by dilated convolutions},
  author={Yu, Fisher and Koltun, Vladlen},
  journal={arXiv preprint arXiv:1511.07122},
  year={2015}
}

@article{WaveNet,
  author    = {A{\"{a}}ron van den Oord and
               Sander Dieleman and
               Heiga Zen and
               Karen Simonyan and
               Oriol Vinyals and
               Alex Graves and
               Nal Kalchbrenner and
               Andrew W. Senior and
               Koray Kavukcuoglu},
  title     = {WaveNet: {A} Generative Model for Raw Audio},
  journal   = {CoRR},
  volume    = {abs/1609.03499},
  year      = {2016},
  url       = {http://arxiv.org/abs/1609.03499},
  archivePrefix = {arXiv},
  eprint    = {1609.03499},
  timestamp = {Mon, 13 Aug 2018 16:49:15 +0200},
  biburl    = {https://dblp.org/rec/journals/corr/OordDZSVGKSK16.bib},
  bibsource = {dblp computer science bibliography, https://dblp.org}
}

@inproceedings{2017trecvidawad,
    author= {George Awad and Asad Butt and Jonathan Fiscus and Martial Michel and David Joy and Wessel Kraaij and Alan F. Smeaton and Georges Qu\'{e}not and Maria Eskevich and Roeland Ordelman and Gareth J. F. Jones and Benoit Huet},
    title = {TRECVID 2017: Evaluating Ad-hoc and Instance Video Search, Events Detection, Video Captioning and Hyperlinking},
    booktitle = {Proceedings of TRECVID 2017},
    keywords={TRECVid, Video Retrieval, Multimedia Retrieval, IR Evaluation},
    year = 2017,
    organization = {NIST, USA},
    pdf={http://www-nlpir.nist.gov/projects/tvpubs/tv17.papers/tv17overview.pdf},
}

@InProceedings{Xavier_Glorot_init,
  title = 	 {Understanding the difficulty of training deep feedforward neural networks},
  author = 	 {Xavier Glorot and Yoshua Bengio},
  booktitle = 	 {Proceedings of the Thirteenth International Conference on Artificial Intelligence and Statistics},
  pages = 	 {249--256},
  year = 	 {2010},
  editor = 	 {Yee Whye Teh and Mike Titterington},
  volume = 	 {9},
  series = 	 {Proceedings of Machine Learning Research},
  address = 	 {Chia Laguna Resort, Sardinia, Italy},
  month = 	 {13--15 May},
  publisher = 	 {PMLR},
  pdf = 	 {http://proceedings.mlr.press/v9/glorot10a/glorot10a.pdf},
  url = 	 {http://proceedings.mlr.press/v9/glorot10a.html},
}

@article{Adam14,
  author    = {Diederik P. Kingma and
               Jimmy Ba},
  title     = {Adam: {A} Method for Stochastic Optimization},
  journal   = {CoRR},
  volume    = {abs/1412.6980},
  year      = {2014},
  url       = {http://arxiv.org/abs/1412.6980},
  archivePrefix = {arXiv},
  eprint    = {1412.6980},
  timestamp = {Mon, 13 Aug 2018 16:47:35 +0200},
  biburl    = {https://dblp.org/rec/bib/journals/corr/KingmaB14},
  bibsource = {dblp computer science bibliography, https://dblp.org}
}

@misc{PixelStabilization,
    author = "Chia-Kai Liang and Fuhao Shi",
    title = "Fused Video Stabilization on the Pixel 2 and Pixel 2 XL",
    year = "2017",
    howpublished = "\url{https://ai.googleblog.com/2017/11/fused-video-stabilization-on-pixel-2.html}",
    note = "[Online; accessed 19-May-2020]"
}

@article{dropout,
  author  = {Nitish Srivastava and Geoffrey Hinton and Alex Krizhevsky and Ilya Sutskever and Ruslan Salakhutdinov},
  title   = {Dropout: A Simple Way to Prevent Neural Networks from Overfitting},
  journal = {Journal of Machine Learning Research},
  year    = {2014},
  volume  = {15},
  number  = {56},
  pages   = {1929-1958},
  url     = {http://jmlr.org/papers/v15/srivastava14a.html}
}

@article{cutout,
  author    = {Terrance Devries and
               Graham W. Taylor},
  title     = {Improved Regularization of Convolutional Neural Networks with Cutout},
  journal   = {CoRR},
  volume    = {abs/1708.04552},
  year      = {2017},
  url       = {http://arxiv.org/abs/1708.04552},
  archivePrefix = {arXiv},
  eprint    = {1708.04552},
  timestamp = {Mon, 13 Aug 2018 16:45:57 +0200},
  biburl    = {https://dblp.org/rec/journals/corr/abs-1708-04552.bib},
  bibsource = {dblp computer science bibliography, https://dblp.org}
}

@article{autoaugment,
  author    = {Ekin Dogus Cubuk and
               Barret Zoph and
               Dandelion Man{\'{e}} and
               Vijay Vasudevan and
               Quoc V. Le},
  title     = {AutoAugment: Learning Augmentation Policies from Data},
  journal   = {CoRR},
  volume    = {abs/1805.09501},
  year      = {2018},
  url       = {http://arxiv.org/abs/1805.09501},
  archivePrefix = {arXiv},
  eprint    = {1805.09501},
  timestamp = {Mon, 13 Aug 2018 16:48:44 +0200},
  biburl    = {https://dblp.org/rec/journals/corr/abs-1805-09501.bib},
  bibsource = {dblp computer science bibliography, https://dblp.org}
}

@InProceedings{Szegedy_2016_InceptionV3,
    author = {Szegedy, Christian and Vanhoucke, Vincent and Ioffe, Sergey and Shlens, Jon and Wojna, Zbigniew},
    title = {Rethinking the Inception Architecture for Computer Vision},
    booktitle = {Proceedings of the IEEE Conference on Computer Vision and Pattern Recognition (CVPR)},
    month = {June},
    year = {2016}
}

@InProceedings{Chollet_2017_CVPR,
    author = {Chollet, Francois},
    title = {Xception: Deep Learning With Depthwise Separable Convolutions},
    booktitle = {Proceedings of the IEEE Conference on Computer Vision and Pattern Recognition (CVPR)},
    month = {July},
    year = {2017}
}

@INPROCEEDINGS{imagenet,
  author={J. {Deng} and W. {Dong} and R. {Socher} and L. {Li} and  {Kai Li} and  {Li Fei-Fei}},
  booktitle={2009 IEEE Conference on Computer Vision and Pattern Recognition}, 
  title={ImageNet: A large-scale hierarchical image database}, 
  year={2009},
  volume={},
  number={},
  pages={248-255},
  doi={10.1109/CVPR.2009.5206848},
  ISSN={1063-6919},
  month={June}
}

@article{BatchNormalization,
  author    = {Sergey Ioffe and
               Christian Szegedy},
  title     = {Batch Normalization: Accelerating Deep Network Training by Reducing
               Internal Covariate Shift},
  journal   = {CoRR},
  volume    = {abs/1502.03167},
  year      = {2015},
  url       = {http://arxiv.org/abs/1502.03167},
  archivePrefix = {arXiv},
  eprint    = {1502.03167},
  timestamp = {Mon, 13 Aug 2018 16:47:06 +0200},
  biburl    = {https://dblp.org/rec/journals/corr/IoffeS15.bib},
  bibsource = {dblp computer science bibliography, https://dblp.org}
}

@article{tieleman2012lecture,
  title={Lecture 6.5-rmsprop: Divide the gradient by a running average of its recent magnitude},
  author={Tieleman, Tijmen and Hinton, Geoffrey},
  journal={COURSERA: Neural networks for machine learning},
  volume={4},
  number={2},
  pages={26--31},
  year={2012}
}

@article{EfficientNet,
  author    = {Mingxing Tan and
               Quoc V. Le},
  title     = {EfficientNet: Rethinking Model Scaling for Convolutional Neural Networks},
  journal   = {CoRR},
  volume    = {abs/1905.11946},
  year      = {2019},
  url       = {http://arxiv.org/abs/1905.11946},
  archivePrefix = {arXiv},
  eprint    = {1905.11946},
  timestamp = {Mon, 03 Jun 2019 13:42:33 +0200},
  biburl    = {https://dblp.org/rec/journals/corr/abs-1905-11946.bib},
  bibsource = {dblp computer science bibliography, https://dblp.org}
}

@article{FixingWeightDecay,
  author    = {Ilya Loshchilov and
               Frank Hutter},
  title     = {Fixing Weight Decay Regularization in Adam},
  journal   = {CoRR},
  volume    = {abs/1711.05101},
  year      = {2017},
  url       = {http://arxiv.org/abs/1711.05101},
  archivePrefix = {arXiv},
  eprint    = {1711.05101},
  timestamp = {Mon, 13 Aug 2018 16:48:18 +0200},
  biburl    = {https://dblp.org/rec/journals/corr/abs-1711-05101.bib},
  bibsource = {dblp computer science bibliography, https://dblp.org}
}

@InProceedings{He_2015_ICCV,
    author = {He, Kaiming and Zhang, Xiangyu and Ren, Shaoqing and Sun, Jian},
    title = {Delving Deep into Rectifiers: Surpassing Human-Level Performance on ImageNet Classification},
    booktitle = {Proceedings of the IEEE International Conference on Computer Vision (ICCV)},
    month = {December},
    year = {2015}
}



















@InProceedings{BlazekAdam2015,
    author="Bla{\v{z}}ek, Adam
    and Loko{\v{c}}, Jakub
    and Matzner, Filip
    and Skopal, Tom{\'a}{\v{s}}",
    editor="He, Xiangjian
    and Luo, Suhuai
    and Tao, Dacheng
    and Xu, Changsheng
    and Yang, Jie
    and Hasan, Muhammad Abul",
    title="Enhanced Signature-Based Video Browser",
    booktitle="MultiMedia Modeling",
    year="2015",
    publisher="Springer International Publishing",
    address="Cham",
    pages="243--248",
    isbn="978-3-319-14442-9"
}

@inproceedings{le2016nii,
  title={NII-HITACHI-UIT at TRECVID 2016.},
  author={Le, Duy-Dinh and Phan, Sang and Nguyen, Vinh-Tiep and Renoust, Benjamin and Nguyen, Tuan A and Hoang, Van-Nam and Ngo, Thanh Duc and Tran, Minh-Triet and Watanabe, Yuki and Klinkigt, Martin and others},
  booktitle={TRECVID},
  year={2016}
}

@article{vgg,
  title={Very deep convolutional networks for large-scale image recognition},
  author={Simonyan, Karen and Zisserman, Andrew},
  journal={arXiv preprint arXiv:1409.1556},
  year={2014}
}

@ARTICLE{Wang2019,
  author={L. {Wang} and Y. {Li} and J. {Huang} and S. {Lazebnik}},
  journal={IEEE Transactions on Pattern Analysis and Machine Intelligence}, 
  title={Learning Two-Branch Neural Networks for Image-Text Matching Tasks}, 
  year={2019},
  volume={41},
  number={2},
  pages={394-407},
  doi={10.1109/TPAMI.2018.2797921},
  ISSN={1939-3539},
  month={Feb}
}

@ARTICLE{Dong2018,
  author={J. {Dong} and X. {Li} and C. G. M. {Snoek}},
  journal={IEEE Transactions on Multimedia}, 
  title={Predicting Visual Features From Text for Image and Video Caption Retrieval},
  year={2018},
  volume={20},
  number={12},
  pages={3377-3388},
  doi={10.1109/TMM.2018.2832602},
  ISSN={1941-0077},
  month={Dec}
}

@article{Flickr30k,
    author = {Young, Peter and Lai, Alice and Hodosh, Micah and Hockenmaier, Julia},
    title = {From image descriptions to visual denotations: New similarity metrics for semantic inference over event descriptions},
    journal = {Transactions of the Association for Computational Linguistics},
    volume = {2},
    number = {},
    pages = {67-78},
    year = {2014},
    doi = {10.1162/tacl\_a\_00166},
    URL = {https://doi.org/10.1162/tacl_a_00166}
}

@InProceedings{Lee_2018_ECCV,
    author = {Lee, Kuang-Huei and Chen, Xi and Hua, Gang and Hu, Houdong and He, Xiaodong},
    title = {Stacked Cross Attention for Image-Text Matching},
    booktitle = {Proceedings of the European Conference on Computer Vision (ECCV)},
    month = {September},
    year = {2018}
}

@incollection{FasterRCNN,
    title = {Faster R-CNN: Towards Real-Time Object Detection with Region Proposal Networks},
    author = {Ren, Shaoqing and He, Kaiming and Girshick, Ross and Sun, Jian},
    booktitle = {Advances in Neural Information Processing Systems 28},
    editor = {C. Cortes and N. D. Lawrence and D. D. Lee and M. Sugiyama and R. Garnett},
    pages = {91--99},
    year = {2015},
    publisher = {Curran Associates, Inc.},
    url = {http://papers.nips.cc/paper/5638-faster-r-cnn-towards-real-time-object-detection-with-region-proposal-networks.pdf}
}

@article{krishna2017visual,
  title={Visual genome: Connecting language and vision using crowdsourced dense image annotations},
  author={Krishna, Ranjay and Zhu, Yuke and Groth, Oliver and Johnson, Justin and Hata, Kenji and Kravitz, Joshua and Chen, Stephanie and Kalantidis, Yannis and Li, Li-Jia and Shamma, David A and others},
  journal={International journal of computer vision},
  volume={123},
  number={1},
  pages={32--73},
  year={2017},
  publisher={Springer}
}

@incollection{ViLBERT,
    title = {ViLBERT: Pretraining Task-Agnostic Visiolinguistic Representations for Vision-and-Language Tasks},
    author = {Lu, Jiasen and Batra, Dhruv and Parikh, Devi and Lee, Stefan},
    booktitle = {Advances in Neural Information Processing Systems 32},
    pages = {13--23},
    year = {2019},
    publisher = {Curran Associates, Inc.},
    url = {http://papers.nips.cc/paper/8297-vilbert-pretraining-task-agnostic-visiolinguistic-representations-for-vision-and-language-tasks.pdf}
}

@inproceedings{sharma2018conceptual,
  title={Conceptual captions: A cleaned, hypernymed, image alt-text dataset for automatic image captioning},
  author={Sharma, Piyush and Ding, Nan and Goodman, Sebastian and Soricut, Radu},
  booktitle={Proceedings of the 56th Annual Meeting of the Association for Computational Linguistics (Volume 1: Long Papers)},
  pages={2556--2565},
  year={2018}
}

@article{bert,
  author    = {Jacob Devlin and
               Ming{-}Wei Chang and
               Kenton Lee and
               Kristina Toutanova},
  title     = {{BERT:} Pre-training of Deep Bidirectional Transformers for Language
               Understanding},
  journal   = {CoRR},
  volume    = {abs/1810.04805},
  year      = {2018},
  url       = {http://arxiv.org/abs/1810.04805},
  archivePrefix = {arXiv},
  eprint    = {1810.04805},
  timestamp = {Tue, 30 Oct 2018 20:39:56 +0100},
  biburl    = {https://dblp.org/rec/journals/corr/abs-1810-04805.bib},
  bibsource = {dblp computer science bibliography, https://dblp.org}
}

@inproceedings{Mithun2018,
    author = {Mithun, Niluthpol Chowdhury and Li, Juncheng and Metze, Florian and Roy-Chowdhury, Amit K.},
    title = {Learning Joint Embedding with Multimodal Cues for Cross-Modal Video-Text Retrieval},
    year = {2018},
    isbn = {9781450350464},
    publisher = {Association for Computing Machinery},
    address = {New York, NY, USA},
    url = {https://doi.org/10.1145/3206025.3206064},
    doi = {10.1145/3206025.3206064},
    booktitle = {Proceedings of the 2018 ACM on International Conference on Multimedia Retrieval},
    pages = {19–27},
    numpages = {9},
    keywords = {video-text retrieval, joint embedding, multimodal cues},
    location = {Yokohama, Japan},
    series = {ICMR ’18}
}

@InProceedings{Yu_2018_ECCV,
    author = {Yu, Youngjae and Kim, Jongseok and Kim, Gunhee},
    title = {A Joint Sequence Fusion Model for Video Question Answering and Retrieval},
    booktitle = {Proceedings of the European Conference on Computer Vision (ECCV)},
    month = {September},
    year = {2018}
}

@InProceedings{Xu_2016_CVPR,
    author = {Xu, Jun and Mei, Tao and Yao, Ting and Rui, Yong},
    title = {MSR-VTT: A Large Video Description Dataset for Bridging Video and Language},
    booktitle = {Proceedings of the IEEE Conference on Computer Vision and Pattern Recognition (CVPR)},
    month = {June},
    year = {2016}
}

@InProceedings{Li_2016_CVPR,
    author = {Li, Yuncheng and Song, Yale and Cao, Liangliang and Tetreault, Joel and Goldberg, Larry and Jaimes, Alejandro and Luo, Jiebo},
    title = {TGIF: A New Dataset and Benchmark on Animated GIF Description},
    booktitle = {Proceedings of the IEEE Conference on Computer Vision and Pattern Recognition (CVPR)},
    month = {June},
    year = {2016}
}

@article{ExploringLimitsLanguageModeling,
  author    = {Rafal J{\'{o}}zefowicz and
               Oriol Vinyals and
               Mike Schuster and
               Noam Shazeer and
               Yonghui Wu},
  title     = {Exploring the Limits of Language Modeling},
  journal   = {CoRR},
  volume    = {abs/1602.02410},
  year      = {2016},
  url       = {http://arxiv.org/abs/1602.02410},
  archivePrefix = {arXiv},
  eprint    = {1602.02410},
  timestamp = {Mon, 13 Aug 2018 16:48:43 +0200},
  biburl    = {https://dblp.org/rec/journals/corr/JozefowiczVSSW16.bib},
  bibsource = {dblp computer science bibliography, https://dblp.org}
}

@InProceedings{Dong_2019_CVPR,
    author = {Dong, Jianfeng and Li, Xirong and Xu, Chaoxi and Ji, Shouling and He, Yuan and Yang, Gang and Wang, Xun},
    title = {Dual Encoding for Zero-Example Video Retrieval},
    booktitle = {Proceedings of the IEEE/CVF Conference on Computer Vision and Pattern Recognition (CVPR)},
    month = {June},
    year = {2019}
}

@inproceedings{wu2019hybrid,
  title={Hybrid Sequence Encoder for Text Based Video Retrieval.},
  author={Wu, Xiang and Chen, Da and He, Yuan and Xue, Hui and Song, Mingli and Mao, Feng},
  booktitle={TRECVID},
  year={2019}
}

@inproceedings{li2018renmin,
  title={Renmin University of China and Zhejiang Gongshang University at TRECVID 2018: Deep Cross-Modal Embeddings for Video-Text Retrieval.},
  author={Li, Xirong and Dong, Jianfeng and Xu, Chaoxi and Cao, Jing and Wang, Xun and Yang, Gang},
  booktitle={TRECVID},
  year={2018}
}

@inproceedings{li2019renmin,
  title={Renmin University of China and Zhejiang Gongshang University at TRECVID 2019: Learn to Search and Describe Videos.},
  author={Li, Xirong and Ye, Jinde and Xu, Chaoxi and Yun, Shanjinwen and Zhang, Leimin and Wang, Xun and Qian, Rui and Dong, Jianfeng},
  booktitle={TRECVID},
  year={2019}
}

@article{ContrastiveBidirectionalTransformer,
  author    = {Chen Sun and
               Fabien Baradel and
               Kevin Murphy and
               Cordelia Schmid},
  title     = {Contrastive Bidirectional Transformer for Temporal Representation
               Learning},
  journal   = {CoRR},
  volume    = {abs/1906.05743},
  year      = {2019},
  url       = {http://arxiv.org/abs/1906.05743},
  archivePrefix = {arXiv},
  eprint    = {1906.05743},
  timestamp = {Mon, 24 Jun 2019 17:28:45 +0200},
  biburl    = {https://dblp.org/rec/journals/corr/abs-1906-05743.bib},
  bibsource = {dblp computer science bibliography, https://dblp.org}
}

@inproceedings{ImageNetShuffle,
    author = {Mettes, Pascal and Koelma, Dennis C. and Snoek, Cees G.M.},
    title = {The ImageNet Shuffle: Reorganized Pre-Training for Video Event Detection},
    year = {2016},
    isbn = {9781450343596},
    publisher = {Association for Computing Machinery},
    address = {New York, NY, USA},
    url = {https://doi.org/10.1145/2911996.2912036},
    doi = {10.1145/2911996.2912036},
    booktitle = {Proceedings of the 2016 ACM on International Conference on Multimedia Retrieval},
    pages = {175–182},
    numpages = {8},
    keywords = {video representation learning, event detection},
    location = {New York, New York, USA},
    series = {ICMR ’16}
}

@article{mxnet,
  author    = {Tianqi Chen and
               Mu Li and
               Yutian Li and
               Min Lin and
               Naiyan Wang and
               Minjie Wang and
               Tianjun Xiao and
               Bing Xu and
               Chiyuan Zhang and
               Zheng Zhang},
  title     = {MXNet: {A} Flexible and Efficient Machine Learning Library for Heterogeneous
               Distributed Systems},
  journal   = {CoRR},
  volume    = {abs/1512.01274},
  year      = {2015},
  url       = {http://arxiv.org/abs/1512.01274},
  archivePrefix = {arXiv},
  eprint    = {1512.01274},
  timestamp = {Mon, 13 Aug 2018 16:48:04 +0200},
  biburl    = {https://dblp.org/rec/journals/corr/ChenLLLWWXXZZ15.bib},
  bibsource = {dblp computer science bibliography, https://dblp.org}
}

@InProceedings{Arandjelovic_2016_CVPR,
    author = {Arandjelovic, Relja and Gronat, Petr and Torii, Akihiko and Pajdla, Tomas and Sivic, Josef},
    title = {NetVLAD: CNN Architecture for Weakly Supervised Place Recognition},
    booktitle = {Proceedings of the IEEE Conference on Computer Vision and Pattern Recognition (CVPR)},
    month = {June},
    year = {2016}
}

@InProceedings{Mao_2018_ECCV_Workshops,
    author = {Mao, Feng and Wu, Xiang and Xue, Hui and Zhang, Rong},
    title = {Hierarchical Video Frame Sequence Representation with Deep Convolutional Graph Network},
    booktitle = {Proceedings of the European Conference on Computer Vision (ECCV) Workshops},
    month = {September},
    year = {2018}
}

@article{VSEpp,
  author    = {Fartash Faghri and
               David J. Fleet and
               Jamie Ryan Kiros and
               Sanja Fidler},
  title     = {{VSE++:} Improved Visual-Semantic Embeddings},
  journal   = {CoRR},
  volume    = {abs/1707.05612},
  year      = {2017},
  url       = {http://arxiv.org/abs/1707.05612},
  archivePrefix = {arXiv},
  eprint    = {1707.05612},
  timestamp = {Tue, 23 Jul 2019 17:33:24 +0200},
  biburl    = {https://dblp.org/rec/journals/corr/FaghriFKF17.bib},
  bibsource = {dblp computer science bibliography, https://dblp.org}
}

@incollection{AttentionisAllyouNeed,
    title = {Attention is All you Need},
    author = {Vaswani, Ashish and Shazeer, Noam and Parmar, Niki and Uszkoreit, Jakob and Jones, Llion and Gomez, Aidan N and Kaiser, \L ukasz and Polosukhin, Illia},
    booktitle = {Advances in Neural Information Processing Systems 30},
    editor = {I. Guyon and U. V. Luxburg and S. Bengio and H. Wallach and R. Fergus and S. Vishwanathan and R. Garnett},
    pages = {5998--6008},
    year = {2017},
    publisher = {Curran Associates, Inc.},
    url = {http://papers.nips.cc/paper/7181-attention-is-all-you-need.pdf}
}

@article{RoBERTa,
  author    = {Yinhan Liu and
               Myle Ott and
               Naman Goyal and
               Jingfei Du and
               Mandar Joshi and
               Danqi Chen and
               Omer Levy and
               Mike Lewis and
               Luke Zettlemoyer and
               Veselin Stoyanov},
  title     = {RoBERTa: {A} Robustly Optimized {BERT} Pretraining Approach},
  journal   = {CoRR},
  volume    = {abs/1907.11692},
  year      = {2019},
  url       = {http://arxiv.org/abs/1907.11692},
  archivePrefix = {arXiv},
  eprint    = {1907.11692},
  timestamp = {Thu, 01 Aug 2019 08:59:33 +0200},
  biburl    = {https://dblp.org/rec/journals/corr/abs-1907-11692.bib},
  bibsource = {dblp computer science bibliography, https://dblp.org}
}

@inproceedings{awad2016trecvid,
  title={Trecvid 2016: Evaluating video search, video event detection, localization, and hyperlinking},
  author={Awad, George and Fiscus, Jonathan and Joy, David and Michel, Martial and Smeaton, Alan and Kraaij, Wessel and Eskevich, Maria and Aly, Robin and Ordelman, Roeland and Ritter, Marc and others},
  year={2016}
}

@inproceedings{infAP,
    author = {Yilmaz, Emine and Aslam, Javed A.},
    title = {Estimating Average Precision with Incomplete and Imperfect Judgments},
    year = {2006},
    isbn = {1595934332},
    publisher = {Association for Computing Machinery},
    address = {New York, NY, USA},
    url = {https://doi.org/10.1145/1183614.1183633},
    doi = {10.1145/1183614.1183633},
    booktitle = {Proceedings of the 15th ACM International Conference on Information and Knowledge Management},
    pages = {102–111},
    numpages = {10},
    keywords = {evaluation, Bpref, incomplete judgments, average precision, sampling},
    location = {Arlington, Virginia, USA},
    series = {CIKM ’06}
}




@article{zhang2019pegasus_textsum,
  title={Pegasus: Pre-training with extracted gap-sentences for abstractive summarization},
  author={Zhang, Jingqing and Zhao, Yao and Saleh, Mohammad and Liu, Peter J},
  journal={arXiv preprint arXiv:1912.08777},
  year={2019}
}

@inproceedings{zhou2018deep_videosum,
  title={Deep reinforcement learning for unsupervised video summarization with diversity-representativeness reward},
  author={Zhou, Kaiyang and Qiao, Yu and Xiang, Tao},
  booktitle={Thirty-Second AAAI Conference on Artificial Intelligence},
  year={2018}
}

@unpublished{soucek2020transnetv2,
  author    = {Tom{\'{a}}\v{s} Sou\v{c}ek and Jakub Loko\v{c}},
  title     = {{TransNet V2: An} effective deep network architecture for fast shot transition detection},
  year      = {2020}
}

@unpublished{W2VVppMM2020,
  title     = {{A W2VV++} Case Study with Automated and Interactive Text-to-Video},
  author={Loko{\v{c}}, Jakub and Sou\v{c}ek, Tom{\'a}\v{s} and Vesel{\'y}, Patrik and Mejzl{\'i}k, Franti{\v{s}}ek and Ji, Jiaqi and Xu, Chaoxi and Li, Xirong},
  year      = {2020},
  note = {Accepted to the 28th ACM International Conference on Multimedia},
  location  = {Seattle, USA},
  series    = {MM ’20},
  pages = {1–9},
}
